<?xml version="1.0" encoding="UTF-8"?><collection xmlns="http://www.loc.gov/MARC21/slim"><record><leader>00553nam--2200193-i-4500</leader><controlfield tag="001">000028883</controlfield><controlfield tag="002">20161230</controlfield><controlfield tag="005">20161230201037</controlfield><controlfield tag="008">060222s1000------------r-----000-0-eng-d</controlfield><datafield ind1=" " ind2=" " tag="040"><subfield code="a">IFIN-HH</subfield></datafield><datafield ind1=" " ind2=" " tag="080"><subfield code="a">539.169</subfield></datafield><datafield ind1="1" ind2=" " tag="100"><subfield code="a">Errera, M</subfield></datafield><datafield ind1="1" ind2="0" tag="245"><subfield code="a">Mechanisms in radiobiology</subfield><subfield code="c">M. errera, a. forssberg (eds.)</subfield></datafield><datafield ind1=" " ind2=" " tag="260"><subfield code="a">New York</subfield><subfield code="b">Academic Press</subfield><subfield code="c">1961, 1960</subfield></datafield><datafield ind1=" " ind2=" " tag="300"><subfield code="a">TWO VOLUMES</subfield></datafield><datafield ind1=" " ind2=" " tag="700"><subfield code="a">Forssberg, A</subfield><subfield code="e">Ed</subfield></datafield><datafield ind1="1" ind2=" " tag="787"><subfield code="a">Volume Ii</subfield><subfield code="d">1960</subfield><subfield code="h">Xiii + 395p</subfield><subfield code="t">Multicellular Organisms</subfield></datafield><datafield ind1=" " ind2=" " tag="852"><subfield code="a">16359</subfield><subfield code="c">539.12.04</subfield></datafield><datafield ind1=" " ind2=" " tag="CAT"><subfield code="a">Sys</subfield><subfield code="c">20120203</subfield><subfield code="h">114857</subfield></datafield></record></collection>